<record><leader>00000cas a2200000 a 4500</leader><controlfield tag="001">11310368</controlfield><controlfield tag="008">841025d19321935couuu nea     0    0eng d</controlfield><datafield ind1=" " ind2=" " tag="010"><subfield code="a">sn 90051640 </subfield></datafield><datafield ind1=" " ind2=" " tag="040"><subfield code="a">COG</subfield><subfield code="b">eng</subfield><subfield code="c">COG</subfield><subfield code="d">CNQ</subfield><subfield code="d">OCL</subfield><subfield code="d">OCLCQ</subfield></datafield><datafield ind1=" " ind2=" " tag="042"><subfield code="a">msc</subfield></datafield><datafield ind1="0" ind2=" " tag="130"><subfield code="a">Echo (Gunnison, Colo.)</subfield></datafield><datafield ind1="1" ind2="4" tag="245"><subfield code="a">The echo</subfield><subfield code="h">[microform].</subfield></datafield><datafield ind1="1" ind2="3" tag="246"><subfield code="a">Gunnison echo</subfield></datafield><datafield ind1=" " ind2=" " tag="260"><subfield code="a">Gunnison, Colo. :</subfield><subfield code="b">Lickiss Print and Stationary Store</subfield></datafield><datafield ind1=" " ind2=" " tag="300"><subfield code="a">v.</subfield></datafield><datafield ind1="0" ind2=" " tag="362"><subfield code="a">Vol. 1, no. 1 (Sept. 14, 1932)-</subfield></datafield><datafield ind1="1" ind2=" " tag="362"><subfield code="a">Ceased in 1935?</subfield></datafield><datafield ind1=" " ind2=" " tag="530"><subfield code="a">Available on microfilm from the Colorado Historical Society.</subfield></datafield><datafield ind1=" " ind2=" " tag="752"><subfield code="a">United States</subfield><subfield code="b">Colorado</subfield><subfield code="c">Gunnison</subfield><subfield code="d">Gunnison.</subfield></datafield><datafield ind1="0" ind2="0" tag="785"><subfield code="t">Gunnison courier (Gunnison, Colo. : 1935)</subfield><subfield code="w">(DLC)sn 90051878</subfield></datafield></record>